<?xml version="1.0" encoding="UTF-8"?><collection xmlns="http://www.loc.gov/MARC21/slim"><record><leader>00483nam--2200157-i-4500</leader><controlfield tag="001">000005467</controlfield><controlfield tag="002">20161230</controlfield><controlfield tag="005">20170114174233</controlfield><controlfield tag="008">060222s1000------------r-----000-0-eng-d</controlfield><datafield ind1=" " ind2=" " tag="100"><subfield code="a">Bach, Natale A</subfield></datafield><datafield ind1=" " ind2=" " tag="245"><subfield code="a">Arbeiten uber strahlenchemie. In deutscher sprache neu bearbeitet hrsg.von prof.dr. E.Rexer /s.a.</subfield></datafield><datafield ind1=" " ind2=" " tag="260"><subfield code="a">Berli</subfield><subfield code="b">Akademie-Verlag</subfield><subfield code="c">1960</subfield></datafield><datafield ind1=" " ind2=" " tag="300"><subfield code="a">XI + 295 p</subfield></datafield><datafield ind1=" " ind2=" " tag="490"><subfield code="a">Ubersetzungen Auslandischer Fachliteratur</subfield></datafield><datafield ind1=" " ind2=" " tag="852"><subfield code="a">7666</subfield></datafield><datafield ind1=" " ind2=" " tag="CAT"><subfield code="a">SYS</subfield><subfield code="c">20170114</subfield><subfield code="h">174233</subfield></datafield></record></collection>